<record><leader>00000cas a22000007a 4500</leader><controlfield tag="001">15292994</controlfield><controlfield tag="008">870310c19599999pauer ne      0    0eng d</controlfield><datafield ind1=" " ind2=" " tag="010"><subfield code="a">sn 87078134 </subfield></datafield><datafield ind1=" " ind2=" " tag="040"><subfield code="a">NPH</subfield><subfield code="b">eng</subfield><subfield code="c">NPH</subfield><subfield code="d">OCLCQ</subfield><subfield code="d">OCLCO</subfield></datafield><datafield ind1="1" ind2=" " tag="029"><subfield code="a">AU@</subfield><subfield code="b">000025804429</subfield></datafield><datafield ind1=" " ind2=" " tag="042"><subfield code="a">msc</subfield></datafield><datafield ind1="0" ind2=" " tag="130"><subfield code="a">Catholic register (Altoona, Pa.)</subfield></datafield><datafield ind1="1" ind2="4" tag="245"><subfield code="a">The Catholic register.</subfield></datafield><datafield ind1="1" ind2="3" tag="246"><subfield code="a">New Catholic register</subfield><subfield code="f">Feb. 8, 1978</subfield></datafield><datafield ind1=" " ind2=" " tag="260"><subfield code="a">[Altoona, Pa., i.e. Denver, Colo.] :</subfield><subfield code="b">Catholic Press Society,</subfield><subfield code="c">1959-</subfield></datafield><datafield ind1=" " ind2=" " tag="300"><subfield code="a">v. :</subfield><subfield code="b">ill. ;</subfield><subfield code="c">38-59 cm.</subfield></datafield><datafield ind1=" " ind2=" " tag="310"><subfield code="a">Biweekly,</subfield><subfield code="b">May 4, 1981-</subfield></datafield><datafield ind1=" " ind2=" " tag="321"><subfield code="a">Weekly,</subfield><subfield code="b">May 22, 1959-Apr. 20, 1981</subfield></datafield><datafield ind1="0" ind2=" " tag="362"><subfield code="a">Vol. 35, no. 21 (May 22, 1959)-</subfield></datafield><datafield ind1=" " ind2=" " tag="500"><subfield code="a">"Serving the Diocese of Altoona-Johnstown."</subfield></datafield><datafield ind1=" " ind2=" " tag="500"><subfield code="a">Also issued in numerous diocesan editions.</subfield></datafield><datafield ind1=" " ind2=" " tag="500"><subfield code="a">Beginning with Feb. 8, 1978 issue printed by Sedloff Publications, Portage, Pa.</subfield></datafield><datafield ind1=" " ind2=" " tag="500"><subfield code="a">Editor: Father Edward W. O'Malley, &lt;1959-Sept. 1977&gt;; Rev. Msgr. Philip P. Saylor, Sept. 1977-</subfield></datafield><datafield ind1="2" ind2=" " tag="710"><subfield code="a">Catholic Church.</subfield><subfield code="b">Diocese of Altoona-Johnstown (Pa.)</subfield></datafield><datafield ind1=" " ind2=" " tag="752"><subfield code="a">United States</subfield><subfield code="b">Pennsylvania</subfield><subfield code="c">Blair</subfield><subfield code="d">Altoona.</subfield></datafield><datafield ind1=" " ind2=" " tag="752"><subfield code="a">United States</subfield><subfield code="b">Colorado</subfield><subfield code="c">Denver</subfield><subfield code="d">Denver.</subfield></datafield><datafield ind1=" " ind2=" " tag="752"><subfield code="a">United States</subfield><subfield code="b">Pennsylvania</subfield><subfield code="c">Cambria</subfield><subfield code="d">Johnstown.</subfield></datafield><datafield ind1=" " ind2=" " tag="752"><subfield code="a">United States</subfield><subfield code="b">Pennsylvania</subfield><subfield code="c">Cambria</subfield><subfield code="d">Portage.</subfield></datafield><datafield ind1="0" ind2="0" tag="780"><subfield code="t">Register (Altoona ed.)</subfield><subfield code="w">(DLC)sn 87078136</subfield></datafield></record>